<?xml version="1.0" encoding="UTF-8"?><collection xmlns="http://www.loc.gov/MARC21/slim"><record><leader>00497nam--2200181-i-4500</leader><controlfield tag="001">000044794</controlfield><controlfield tag="002">20161230</controlfield><controlfield tag="005">20161230201044</controlfield><controlfield tag="008">060222s1000------------r-----000-0-eng-d</controlfield><datafield ind1=" " ind2=" " tag="040"><subfield code="a">IFIN-HH</subfield></datafield><datafield ind1=" " ind2=" " tag="080"><subfield code="a">537.533.73</subfield></datafield><datafield ind1="1" ind2=" " tag="100"><subfield code="a">Thomson, G.P</subfield></datafield><datafield ind1="1" ind2="0" tag="245"><subfield code="a">Theory and practice of electron diffraction</subfield><subfield code="c">G.p. thomson, w. cochrane</subfield></datafield><datafield ind1=" " ind2=" " tag="260"><subfield code="a">London</subfield><subfield code="b">Macmillan And Co., Limited</subfield><subfield code="c">1939</subfield></datafield><datafield ind1=" " ind2=" " tag="300"><subfield code="a">XI + 334P</subfield></datafield><datafield ind1="1" ind2=" " tag="700"><subfield code="a">Cochrane, W</subfield></datafield><datafield ind1=" " ind2=" " tag="852"><subfield code="a">120</subfield><subfield code="c">537.533.35</subfield></datafield><datafield ind1=" " ind2=" " tag="CAT"><subfield code="a">Sys</subfield><subfield code="c">20110901</subfield><subfield code="h">164303</subfield></datafield></record></collection>